@book{jaffe,
    title={Patents, citations, and innovations: A window on the knowledge economy},
    author={Jaffe, Adam B and Trajtenberg, Manuel},
    year={2002},
    publisher={MIT press}
}

@book{scot,
    title={The social construction of facts and artifacts: Or how the sociology of},
    author={Pinch, Trevor J and Bijker, Wiebe E},
    journal={The social construction of technological systems: New directions in the sociology and history of technology},
    volume={17},
    year={1987}
}

@book{arthur,
    title={The nature of technology: What it is and how it evolves},
    author={Arthur, W Brian},
    year={2009},
    publisher={Simon and Schuster}
}
